@misc{openvas-history,
    author = {Greenbone Networks and contributors},
    title = {History of the OpenVAS project},
    year = {2021},
    url = {https://greenbone.github.io/docs/latest/background.html},
    note = {Last checked on 01/2025},
    chapter = {Background}
}
@misc{gsa,
    author = {Greenbone Networks and contributors},
    title = {Greenbone Security Assistant (GSA)},
    url = {https://github.com/greenbone/gsa},
}
@misc{gsad,
    author = {Greenbone Networks and contributors},
    title = {Greenbone Security Assistant daemon},
    url = {https://github.com/greenbone/gsad},
}
@misc{gvmd,
    author = {Greenbone Networks and contributors},
    title = {Greenbone Vulnerability Management daemon},
    url = {https://github.com/greenbone/gvmd},
}
@misc{openvas-scanner,
    author = {Greenbone Networks and Tim Brown and contributors},
    title = {OpenVAS},
    url = {https://github.com/greenbone/openvas-scanner},
}
@misc{gvm-tools,
    author = {Greenbone Networks and contributors},
    title = {GVM Tools},
    url = {https://greenbone.github.io/gvm-tools/}
}
@misc{python-gvm,
    author = {Greenbone Networks and contributors},
    title = {Python GVM},
    url = {https://greenbone.github.io/python-gvm/}
}
@misc{notus-scanner,
    author = {Greenbone Networks and contributors},
    title = {Notus scanner},
    url = {https://github.com/greenbone/notus-scanner}
}
@misc{greenbone-scap,
    author = {Greenbone Networks and contributors},
    title = {Greenbone SCAP},
    url = {https://github.com/greenbone/greenbone-scap}
}
@misc{gmp,
    author = {Greenbone Networks},
    title = {Greenbone Management Protocol (GMP)},
    url = {https://docs.greenbone.net/API/GMP/gmp-22.5.html}
}
@techreport{rfc5545,
  title        = {iCalendar},
  author       = {IETF},
  year         = {2009},
  number       = {5545},
  institution  = {Internet Engineering Task Force},
  url          = {https://tools.ietf.org/html/rfc5545},
  note         = {RFC 5545}
}
@misc{flask,
    title = {Flask},
    author = {Armin Ronacher and Pocoo Team},
    year = {2010},
    url = {https://flask.palletsprojects.com/en/stable/}
}
@misc{marshmallow,
    title = {Marshmallow},
    author = {Samuel Colvin and al},
    year = {2014},
    url = {https://marshmallow.readthedocs.io/en/stable/}
}
@misc{apiflask,
    title = {APIFlask},
    author = {Grey Li and Jérôme Lafréchoux},
    url = {https://apiflask.com/}
}
@techreport{openapi-specification,
    title = {OpenAPI Specification (OAS)},
    url = {https://spec.openapis.org/oas/latest.html},
    institution = {OpenAPI Initiative and Linux Foundation},
    year = {2016}
}
@misc{flask-login,
    title = {Flask Login},
    author = {Max Countryman and al},
    url = {https://github.com/maxcountryman/flask-login}
}
@misc{flask-session,
    author = {David Baumgold and al},
    title = {Flask Session},
    url = {https://flask-session.readthedocs.io/en/latest/security.html#session-fixation},
    chapter = {Security},
    year = {2013}
}
@misc{redis,
    title = {Redis},
    url = {https://redis.io/},
    year = {2009},
    author = {Salvatore Sanfilippo and Redis Inc. and al}
}
@techreport{12-factor,
    title = {The Twelve-Factor App},
    url = {https://12factor.net/},
    year = {2011},
    author = {Adam Wiggins and James Lindenbaum and Orion Henry and al},
    institution = {Heroku}
}
@misc{vue,
    title = {Vue.js},
    url = {https://vuejs.org/},
    year = {2014},
    author = {Evan You and al}
}
@misc{nuxt,
    title = {Nuxt.js},
    url = {https://nuxt.com/},
    author = {Alexandre Chopin and al},
    year = {2016}
}
@misc{docker,
    title = {Docker},
    url = {https://www.docker.com/},
    author = {Docker Inc. and Solomon Hykes and al},
    year = {2013}
}
@misc{docker-compose,
    title = {Docker Compose},
    url = {https://docs.docker.com/compose/},
    author = {Docker Inc. and Solomon Hykes and al},
    year = {2014}
}
@misc{nuxt-config,
    title = {Nuxt Configuration file reference},
    url = {https://nuxt.com/docs/api/nuxt-config},
    year = {2022},
    author = {Alexandre Chopin and al}
}
@misc{ofetch,
    title = {ofetch},
    url = {https://github.com/unjs/ofetch},
    year = {2020},
    institution = {UnJS}
}
@misc{tanstack,
    title = {Tanstack Table},
    url = {https://tanstack.com/table/latest},
    year = {2021},
    author = {Tanner Linsley and al}
}
@misc{vee-validate,
  author = {Abdelrahman Awad},
  title = {Vee-Validate},
  year = {2016}
}